@misc{bka,
    title = {{P}olizeiliche {K}riminalstatistik ({PKS}) 2014 - {IMK}-{B}ericht (barrierefrei)},
    author = {Bundeskriminalamt},
    url = "https://www.bka.de/nn_196810/SharedDocs/Downloads/DE/Publikationen/PolizeilicheKriminalstatistik/2014/pks2014ImkBericht.html?__nnn=true",
    note = "[last visited 27th January 2016]"
}

@misc{spybike,
    title = {Spybike},
    author = {n/a},
    url = "http://www.spybike.com/",
    note = "[not online anymore]"
}

@misc{golembike,
    title = {{GPS-M}odul gegen {F}ahrradklau},
    author = {Andreas Donath},
    url = "http://www.golem.de/news/bike-spike-GPS-modul-gegen-fahrradklau-1303-98306.html",
    note = "[last visited 27th January 2016]"
}

@misc{leash,
    title = {{L}eash {I}t},
    author = {Cycle Leash Pty Ltd},
    url = "https://www.cycleleash.com.au/",
    note = "[last visited 27th January 2016]"
}
@misc{colldiss,
    title = {{Network Protocols of TinyOS}},
    author = {{TinyOS Stanford wiki}},
    url = "http://tinyos.stanford.edu/tinyos-wiki/index.php/Network_Protocols",
    note = "[last visited 27th January 2016]"
}